
%------------- Introduction---------------------
@article{Glashow:1961tr,
      author         = "Glashow, S. L.",
      title          = "{Partial Symmetries of Weak Interactions}",
      journal        = "Nucl. Phys.",
      volume         = "22",
      year           = "1961",
      pages          = "579",
      doi            = "10.1016/0029-5582(61)90469-2",
      SLACcitation   = "%%CITATION = NUPHA,22,579;%%"
}

@article{PhysRevLett.19.1264,
  author = "Weinberg, Steven",
  title = "{A Model of Leptons}",
  journal = "Phys. Rev. Lett.",
  volume = "19",
  pages = "1264",
  year = "1967",
  doi = "10.1103/PhysRevLett.19.1264",
}

@article{SM_Salam,
      author         = "Salam, A.",
      title          = "{Elementary Particle Physics: Relativistic Groups and Analyticity}",
      year           = "1968",
      pages          = "367",
      journal        = "Eighth Nobel Symposium, edited by Almquvist and Wiksell",
}

@article{Aad:2012tfa,
      author         = "Aad, Georges and others (ATLAS Collaboration)",
      title          = "{Observation of a new particle in the search for the
                        Standard Model Higgs boson with the ATLAS detector at the
                        LHC}",
      collaboration  = "ATLAS",
      journal        = "Phys. Lett. B",
      volume         = "716",
      pages          = "1",
      doi            = "10.1016/j.physletb.2012.08.020",
      year           = "2012",
      eprint         = "1207.7214",
      archivePrefix  = "arXiv",
      primaryClass   = "hep-ex",
      reportNumber   = "CERN-PH-EP-2012-218",
      SLACcitation   = "%%CITATION = ARXIV:1207.7214;%%",
}

@article{HIGGS1,
      author        = "Chatrchyan, Serguei and others",
      title         = "{Observation of a new boson at a mass of 125 GeV with the
                       CMS experiment at the LHC}",
      journal       = "Phys. Lett. B",
      collaboration = "CMS",
      number        = "arXiv:1207.7235. CMS-HIG-12-028. CERN-PH-EP-2012-220",
      volume        = "716",
      pages         = "30",
      doi           = "10.1016/j.physletb.2012.08.021",
      year          = "2012",
      primaryClass  = "hep-ex",
      reportNumber  = "CMS-HIG-12-028, CERN-PH-EP-2012-220",
      SLACcitation  = "%%CITATION = ARXIV:1207.7235;%%",

}


@article{Benvenuti,
      author        = "Benvenuti, A. and others (Fermilab)",
      journal       = "Phys. Rev. Lett.",
      volume         = "35",
      pages         = "252",
      year          = "1974"
}

@article{Arnison1,
      author        = "Arnison, G. and others (UA1 Collaboration)",
      journal       = "Phys. Lett. B",
      volume         = "122",
      pages         = "103",
      year          = "1983"
}

@article{Arnison2,
      author        = "Arnison, G. and others (UA1 Collaboration)",
      journal       = "Phys. Lett. B",
      volume         = "126",
      pages         = "398",
      year          = "1983"
}

@article{Bagnaia1,
      author        = "Bagnaia, P. and others (UA2 Collaboration)",
      journal       = "Phys. Lett. B",
      volume         = "129",
      pages         = "130",
      year          = "1983"
}


@article{Abe,
      author        = "Abe, F. and others (CDF Collaboration)",
      journal       = "Phys. Rev. Lett.",
      volume         = "74",
      pages         = "2626",
      year          = "1995"
}

@article{Zboson1,
      author         = "ALEPH and DELPHI and L3 and OPAL",
      title          = "{The LEP Electroweak Working Group and the SLD Heavy Flavor and Electroweak Groups}",
      year           = "1999",
      journal        = "Technical Report No. CERN-EP/99-15 (unpublished)",

}

@article{Zboson2,
      author         = "SLD Collaboration, S. Willocq",
      title          = "{The strong interation, from hadrons to partons}",
      year           = "1997",
      pages          = "405",
      journal        = "Proceedings of the 24th Annual SLAC Summer Institute on Particle Physics: The Strong Interaction, From Hadrons to Partons, edited by L. Dixon, J. Chan, L. DePorcel (Springfield, NTIS)",

}

@article{acoplamento,
      author         = "Caso, C. and others",
      journal        = "The European Physical Journal C",
      volume         = "3",
      pages          = "1",
      year           = "1998"
}

@article{ArkaniHamed:1998rs,
      author         = "Arkani-Hamed, Nima and Dimopoulos, Savas and Dvali, G.R.",
      title          = "{The hierarchy problem and new dimensions at a
                        millimeter}",
      journal        = "Phys. Lett. B",
      volume         = "429",
      pages          = "263",
      doi            = "10.1016/S0370-2693(98)00466-3",
      year           = "1998",
      eprint         = "hep-ph/9803315",
      archivePrefix  = "arXiv",
      primaryClass   = "hep-ph",
      reportNumber   = "SLAC-PUB-7769, SU-ITP-98-13",
      SLACcitation   = "%%CITATION = HEP-PH/9803315;%%",
}

@article{PhysRevLett.49.970,
  title = {Locally Supersymmetric Grand Unification},
  author = {Chamseddine, A. H. and Arnowitt, R. and Nath, Pran},
  journal = {Phys. Rev. Lett.},
  volume = {49},
  issue = {14},
  pages = {970},
  numpages = {0},
  year = {1982},
  publisher = {American Physical Society},
  doi = {10.1103/PhysRevLett.49.970},
  url = {http://link.aps.org/doi/10.1103/PhysRevLett.49.970}
}

@article{Barbieri:1982eh,
      author         = "Barbieri, Riccardo and Ferrara, S. and Savoy, Carlos A.",
      title          = "{Gauge Models with Spontaneously Broken Local
                        Supersymmetry}",
      journal        = "Phys. Lett. B",
      volume         = "119",
      pages          = "343",
      doi            = "10.1016/0370-2693(82)90685-2",
      year           = "1982",
      reportNumber   = "CERN-TH-3365",
}

@article{Agashe:2004rs,
      author         = "Agashe, Kaustubh and Contino, Roberto and Pomarol, Alex",
      title          = "{The Minimal composite Higgs model}",
      journal        = "Nucl. Phys. B",
      volume         = "719",
      pages          = "165",
      doi            = "10.1016/j.nuclphysb.2005.04.035",
      year           = "2005",
      eprint         = "hep-ph/0412089",
      archivePrefix  = "arXiv",
      primaryClass   = "hep-ph",
      reportNumber   = "UAB-FT-567",
      SLACcitation   = "%%CITATION = HEP-PH/0412089;%%",
}

@article{PhysRevD.75.055014,
  title = {Light custodians in natural composite Higgs models},
  author = {Contino, Roberto and Da Rold, Leandro and Pomarol, Alex},
  journal = {Phys. Rev. D},
  volume = {75},
  issue = {5},
  pages = {055014},
  numpages = {12},
  year = {2007},
  publisher = {American Physical Society},
  doi = {10.1103/PhysRevD.75.055014},
  url = {http://link.aps.org/doi/10.1103/PhysRevD.75.055014}
}

@article{PhysRevLett.83.3370,
  title = {Large Mass Hierarchy from a Small Extra Dimension},
  author = {Randall, Lisa and Sundrum, Raman},
  journal = {Phys. Rev. Lett.},
  volume = {83},
  issue = {17},
  pages = {3370},
  numpages = {0},
  year = {1999},
  publisher = {American Physical Society},
  doi = {10.1103/PhysRevLett.83.3370},
  url = {http://link.aps.org/doi/10.1103/PhysRevLett.83.3370}
}

@article{Composite1,
      author         = "Contino, Roberto and Marzocca, David and Pappadopulo,
                        Duccio and Rattazzi, Riccardo",
      title          = "{On the effect of resonances in composite Higgs
                        phenomenology}",
      journal        = "JHEP",
      volume         = "10",
      pages          = "081",
      doi            = "10.1007/JHEP10(2011)081",
      year           = "2011",
      eprint         = "1109.1570",
      archivePrefix  = "arXiv",
      primaryClass   = "hep-ph",
      reportNumber   = "CERN-PH-TH-2009-036",
      SLACcitation   = "%%CITATION = ARXIV:1109.1570;%%",
}

@article{Composite2,
      author         = "Marzocca, David and Serone, Marco and Shu, Jing",
      title          = "{General Composite Higgs Models}",
      journal        = "JHEP",
      volume         = "08",
      pages          = "013",
      doi            = "10.1007/JHEP08(2012)013",
      year           = "2012",
      eprint         = "1205.0770",
      archivePrefix  = "arXiv",
      primaryClass   = "hep-ph",
      reportNumber   = "SISSA-11-2012-EP",
      SLACcitation   = "%%CITATION = ARXIV:1205.0770;%%",
}

@article{Hewett:2002fe,
      author         = "Hewett, J. L. and Petriello, F. J. and Rizzo, T. G.",
      title          = "{Precision measurements and fermion geography in the
                        Randall-Sundrum model revisited}",
      journal        = "JHEP",
      volume         = "09",
      year           = "2002",
      pages          = "030",
      doi            = "10.1088/1126-6708/2002/09/030",
      eprint         = "hep-ph/0203091",
      archivePrefix  = "arXiv",
      primaryClass   = "hep-ph",
      reportNumber   = "SLAC-PUB-9146",
      SLACcitation   = "%%CITATION = HEP-PH/0203091;%%"
}

@article{Randall:1999ee,
      author         = "Randall, Lisa and Sundrum, Raman",
      title          = "{A Large mass hierarchy from a small extra dimension}",
      journal        = "Phys. Rev. Lett.",
      volume         = "83",
      year           = "1999",
      pages          = "3370-3373",
      doi            = "10.1103/PhysRevLett.83.3370",
      eprint         = "hep-ph/9905221",
      archivePrefix  = "arXiv",
      primaryClass   = "hep-ph",
      reportNumber   = "MIT-CTP-2860, PUPT-1860, BUHEP-99-9",
      SLACcitation   = "%%CITATION = HEP-PH/9905221;%%"
}

@article{Randall:1999vf,
      author         = "Randall, Lisa and Sundrum, Raman",
      title          = "{An Alternative to compactification}",
      journal        = "Phys. Rev. Lett.",
      volume         = "83",
      year           = "1999",
      pages          = "4690-4693",
      doi            = "10.1103/PhysRevLett.83.4690",
      eprint         = "hep-th/9906064",
      archivePrefix  = "arXiv",
      primaryClass   = "hep-th",
      reportNumber   = "MIT-CTP-2874, PUPT-1867, BUHEP-99-13",
      SLACcitation   = "%%CITATION = HEP-TH/9906064;%%"
}

@article{Agashe:2007zd,
      author         = "Agashe, Kaustubh and Davoudiasl, Hooman and Perez, Gilad
                        and Soni, Amarjit",
      title          = "{Warped Gravitons at the LHC and Beyond}",
      journal        = "Phys. Rev.",
      volume         = "D76",
      year           = "2007",
      pages          = "036006",
      doi            = "10.1103/PhysRevD.76.036006",
      eprint         = "hep-ph/0701186",
      archivePrefix  = "arXiv",
      primaryClass   = "hep-ph",
      reportNumber   = "SU-4252-843, BNL-HET-07-3, YITP-SB-07-02",
      SLACcitation   = "%%CITATION = HEP-PH/0701186;%%"
}

@article{Fitzpatrick:2007qr,
      author         = "Fitzpatrick, A. Liam and Kaplan, Jared and Randall, Lisa
                        and Wang, Lian-Tao",
      title          = "{Searching for the Kaluza-Klein Graviton in Bulk RS
                        Models}",
      journal        = "JHEP",
      volume         = "09",
      year           = "2007",
      pages          = "013",
      doi            = "10.1088/1126-6708/2007/09/013",
      eprint         = "hep-ph/0701150",
      archivePrefix  = "arXiv",
      primaryClass   = "hep-ph",
      SLACcitation   = "%%CITATION = HEP-PH/0701150;%%"
}

@article{Antipin:2007pi,
      author         = "Antipin, Oleg and Atwood, David and Soni, Amarjit",
      title          = "{Search for RS gravitons via W(L)W(L) decays}",
      journal        = "Phys. Lett. B",
      volume         = "666",
      pages          = "155-161",
      doi            = "10.1016/j.physletb.2008.07.009",
      year           = "2008",
      eprint         = "0711.3175",
      archivePrefix  = "arXiv",
      primaryClass   = "hep-ph",
      reportNumber   = "BNL-HET-07-20",
      SLACcitation   = "%%CITATION = ARXIV:0711.3175;%%",
}
      
   
@article{Pappadopulo:2014qza,
      author         = "Pappadopulo, Duccio and Thamm, Andrea and Torre, Riccardo
                        and Wulzer, Andrea",
      title          = "{Heavy Vector Triplets: Bridging Theory and Data}",
      journal        = "JHEP",
      volume         = "09",
      year           = "2014",
      pages          = "060",
      doi            = "10.1007/JHEP09(2014)060",
      eprint         = "1402.4431",
      archivePrefix  = "arXiv",
      primaryClass   = "hep-ph",
      SLACcitation   = "%%CITATION = ARXIV:1402.4431;%%"
}

@article{Bellazzini:2014yua,
      author         = "Bellazzini, Brando and Csáki, Csaba and Serra, Javi",
      title          = "{Composite Higgses}",
      journal        = "Eur. Phys. J.",
      volume         = "C74",
      year           = "2014",
      number         = "5",
      pages          = "2766",
      doi            = "10.1140/epjc/s10052-014-2766-x",
      eprint         = "1401.2457",
      archivePrefix  = "arXiv",
      primaryClass   = "hep-ph",
      SLACcitation   = "%%CITATION = ARXIV:1401.2457;%%"
}


@article{Contino:2011np,
      author         = "Contino, Roberto and Marzocca, David and Pappadopulo,
                        Duccio and Rattazzi, Riccardo",
      title          = "{On the effect of resonances in composite Higgs
                        phenomenology}",
      journal        = "JHEP",
      volume         = "10",
      year           = "2011",
      pages          = "081",
      doi            = "10.1007/JHEP10(2011)081",
      eprint         = "1109.1570",
      archivePrefix  = "arXiv",
      primaryClass   = "hep-ph",
      reportNumber   = "CERN-PH-TH-2009-036",
      SLACcitation   = "%%CITATION = ARXIV:1109.1570;%%"
}

@article{Aad:2014xka,
      author         = "Aad, Georges and others",
      title          = "{Search for resonant diboson production in the $\mathrm
                        {\ell \ell }q\bar{q}$ final state in $pp$ collisions at
                        $\sqrt{s} = 8$ TeV with the ATLAS detector}",
      collaboration  = "ATLAS",
      journal        = "Eur. Phys. J.",
      volume         = "C75",
      year           = "2015",
      pages          = "69",
      doi            = "10.1140/epjc/s10052-015-3261-8",
      eprint         = "1409.6190",
      archivePrefix  = "arXiv",
      primaryClass   = "hep-ex",
      reportNumber   = "CERN-PH-EP-2014-211",
      SLACcitation   = "%%CITATION = ARXIV:1409.6190;%%"
}

@article{Aad:2015owa,
      author         = "Aad, Georges and others",
      title          = "{Search for high-mass diboson resonances with
                        boson-tagged jets in proton-proton collisions at $\sqrt{s}
                        = 8$ TeV with the ATLAS detector}",
      collaboration  = "ATLAS",
      year           = "2015",
      eprint         = "1506.00962",
      archivePrefix  = "arXiv",
      primaryClass   = "hep-ex",
      reportNumber   = "CERN-PH-EP-2015-115",
      SLACcitation   = "%%CITATION = ARXIV:1506.00962;%%"
}

@article{Aad:2015ipg,
      author         = "Aad, Georges and others",
      title          = "{Combination of searches for $WW$, $WZ$, and $ZZ$
                        resonances in $pp$ collisions at $\sqrt{s} = 8$ TeV with
                        the ATLAS detector}",
      collaboration  = "ATLAS",
      journal        = "Phys. Lett.",
      volume         = "B755",
      year           = "2016",
      pages          = "285-305",
      doi            = "10.1016/j.physletb.2016.02.015",
      eprint         = "1512.05099",
      archivePrefix  = "arXiv",
      primaryClass   = "hep-ex",
      reportNumber   = "CERN-PH-EP-2015-269",
      SLACcitation   = "%%CITATION = ARXIV:1512.05099;%%"
}


@article{Chatrchyan:2012baa,
      author         = "Chatrchyan, Serguei and others",
      title          = "{Search for a narrow spin-2 resonance decaying to a pair
                        of Z vector bosons in the semileptonic final state}",
      collaboration  = "CMS",
      journal        = "Phys. Lett.",
      volume         = "B718",
      year           = "2013",
      pages          = "1208-1228",
      doi            = "10.1016/j.physletb.2012.11.063",
      eprint         = "1209.3807",
      archivePrefix  = "arXiv",
      primaryClass   = "hep-ex",
      reportNumber   = "CMS-EXO-11-102, CERN-PH-EP-2012-232",
      SLACcitation   = "%%CITATION = ARXIV:1209.3807;%%"
}

@article{Chatrchyan:2012rva,
      author         = "Chatrchyan, Serguei and others",
      title          = "{Search for exotic resonances decaying into $WZ/ZZ$ in
                        $pp$ collisions at $\sqrt{s}=7$ TeV}",
      collaboration  = "CMS",
      journal        = "JHEP",
      volume         = "02",
      year           = "2013",
      pages          = "036",
      doi            = "10.1007/JHEP02(2013)036",
      eprint         = "1211.5779",
      archivePrefix  = "arXiv",
      primaryClass   = "hep-ex",
      reportNumber   = "CMS-EXO-12-014, CERN-PH-EP-2012-312",
      SLACcitation   = "%%CITATION = ARXIV:1211.5779;%%"
}

@article{Chatrchyan:2012ypy,
      author         = "Chatrchyan, Serguei and others",
      title          = "{Search for heavy resonances in the W/Z-tagged dijet mass
                        spectrum in pp collisions at 7 TeV}",
      collaboration  = "CMS",
      journal        = "Phys. Lett.",
      volume         = "B723",
      year           = "2013",
      pages          = "280-301",
      doi            = "10.1016/j.physletb.2013.05.040",
      eprint         = "1212.1910",
      archivePrefix  = "arXiv",
      primaryClass   = "hep-ex",
      reportNumber   = "CMS-EXO-11-095, CERN-PH-EP-2012-356",
}

@article{Khachatryan:2014hpa,
      author         = "Khachatryan, Vardan and others",
      title          = "{Search for massive resonances in dijet systems
                        containing jets tagged as W or Z boson decays in pp
                        collisions at $ \sqrt{s} $ = 8 TeV}",
      collaboration  = "CMS",
      journal        = "JHEP",
      volume         = "08",
      year           = "2014",
      pages          = "173",
      doi            = "10.1007/JHEP08(2014)173",
      eprint         = "1405.1994",
      archivePrefix  = "arXiv",
      primaryClass   = "hep-ex",
      reportNumber   = "CMS-EXO-12-024, CERN-PH-EP-2014-071",
      SLACcitation   = "%%CITATION = ARXIV:1405.1994;%%"
}

@article{Khachatryan:2014gha,
      author         = "Khachatryan, Vardan and others",
      title          = "{Search for massive resonances decaying into pairs of
                        boosted bosons in semi-leptonic final states at $\sqrt{s}
                        =$ 8 TeV}",
      collaboration  = "CMS",
      journal        = "JHEP",
      volume         = "08",
      year           = "2014",
      pages          = "174",
      doi            = "10.1007/JHEP08(2014)174",
      eprint         = "1405.3447",
      archivePrefix  = "arXiv",
      primaryClass   = "hep-ex",
      reportNumber   = "CMS-EXO-13-009, CERN-PH-EP-2014-076",
      SLACcitation   = "%%CITATION = ARXIV:1405.3447;%%"
}

@unpublished{CMS:2015gla,
      author         = "Khachatryan, Vardan and others",
      title          = "{Search for massive WH resonances decaying to $\ell \nu
                        {\rm b \bar{b}}$ final state in the boosted regime at
                        $\sqrt{s}=8$\,TeV, CMS-PAS-EXO-14-010}",
      collaboration  = "CMS",
      year           = "2015",
      reportNumber   = "CMS-PAS-EXO-14-010",
      SLACcitation   = "%%CITATION = CMS-PAS-EXO-14-010 ETC.;%%",
      journal = "{\tt CMS-PAS-EXO-14-010}",
}

@article{Khachatryan:2015bma,
      author         = "Khachatryan, Vardan and others",
      title          = "{Search for a massive resonance decaying into a Higgs
                        boson and a W or Z boson in hadronic final states in
                        proton-proton collisions at $ \sqrt{s}=8 $ TeV}",
      collaboration  = "CMS",
      journal        = "JHEP",
      volume         = "02",
      year           = "2016",
      pages          = "145",
      doi            = "10.1007/JHEP02(2016)145",
      eprint         = "1506.01443",
      archivePrefix  = "arXiv",
      primaryClass   = "hep-ex",
      reportNumber   = "CMS-EXO-14-009, CERN-PH-EP-2015-096",
      SLACcitation   = "%%CITATION = ARXIV:1506.01443;%%"
}

  

@article{Ellis:2007ib,
      author         = "Ellis, S. D. and Huston, J. and Hatakeyama, K. and Loch,
                        P. and Tonnesmann, M.",
      title          = "{Jets in hadron-hadron collisions}",
      journal        = "Prog. Part. Nucl. Phys.",
      volume         = "60",
      year           = "2008",
      pages          = "484-551",
      doi            = "10.1016/j.ppnp.2007.12.002",
      eprint         = "0712.2447",
      archivePrefix  = "arXiv",
      primaryClass   = "hep-ph",
      SLACcitation   = "%%CITATION = ARXIV:0712.2447;%%"
}

@article{Thaler:2011gf,
      author         = "Thaler, Jesse and Van Tilburg, Ken",
      title          = "{Maximizing Boosted Top Identification by Minimizing
                        N-subjettiness}",
      journal        = "JHEP",
      volume         = "02",
      year           = "2012",
      pages          = "093",
      doi            = "10.1007/JHEP02(2012)093",
      eprint         = "1108.2701",
      archivePrefix  = "arXiv",
      primaryClass   = "hep-ph",
      reportNumber   = "MIT-CTP-4287",
      SLACcitation   = "%%CITATION = ARXIV:1108.2701;%%"
}

@article{Chatrchyan:2013vbb,
      author         = "Chatrchyan, Serguei and others",
      title          = "{Studies of jet mass in dijet and W/Z + jet events}",
      collaboration  = "CMS",
      journal        = "JHEP",
      volume         = "05",
      year           = "2013",
      pages          = "090",
      doi            = "10.1007/JHEP05(2013)090",
      eprint         = "1303.4811",
      archivePrefix  = "arXiv",
      primaryClass   = "hep-ex",
      reportNumber   = "CMS-SMP-12-019, CERN-PH-EP-2013-016",
      SLACcitation   = "%%CITATION = ARXIV:1303.4811;%%"
}

@article{Ellis:2009su,
      author         = "Ellis, Stephen D. and Vermilion, Christopher K. and
                        Walsh, Jonathan R.",
      title          = "{Techniques for improved heavy particle searches with jet
                        substructure}",
      journal        = "Phys. Rev. D",
      volume         = "80",
      pages          = "051501",
      doi            = "10.1103/PhysRevD.80.051501",
      year           = "2009",
      eprint         = "0903.5081",
      archivePrefix  = "arXiv",
      primaryClass   = "hep-ph",
      SLACcitation   = "%%CITATION = ARXIV:0903.5081;%%",
}

@article{Ellis:2009me,
      author         = "Ellis, Stephen D. and Vermilion, Christopher K. and
                        Walsh, Jonathan R.",
      title          = "{Recombination Algorithms and Jet Substructure: Pruning
                        as a Tool for Heavy Particle Searches}",
      journal        = "Phys. Rev. D",
      volume         = "81",
      pages          = "094023",
      doi            = "10.1103/PhysRevD.81.094023",
      year           = "2010",
      eprint         = "0912.0033",
      archivePrefix  = "arXiv",
      primaryClass   = "hep-ph",
      SLACcitation   = "%%CITATION = ARXIV:0912.0033;%%",
}

@article{Krohn:2009th,
      author         = "Krohn, David and Thaler, Jesse and Wang, Lian-Tao",
      title          = "{Jet Trimming}",
      journal        = "JHEP",
      volume         = "1002",
      pages          = "084",
      doi            = "10.1007/JHEP02(2010)084",
      year           = "2010",
      eprint         = "0912.1342",
      archivePrefix  = "arXiv",
      primaryClass   = "hep-ph",
      SLACcitation   = "%%CITATION = ARXIV:0912.1342;%%",
}

@article{Butterworth:2008iy,
      author         = "Butterworth, Jonathan M. and Davison, Adam R. and Rubin,
                        Mathieu and Salam, Gavin P.",
      title          = "{Jet substructure as a new Higgs search channel at the
                        LHC}",
      journal        = "Phys.Rev.Lett.",
      volume         = "100",
      pages          = "242001",
      doi            = "10.1103/PhysRevLett.100.242001",
      year           = "2008",
      eprint         = "0802.2470",
      archivePrefix  = "arXiv",
      primaryClass   = "hep-ph",
      SLACcitation   = "%%CITATION = ARXIV:0802.2470;%%",
}

@article{Thaler:2010tr,
      author         = "Thaler, Jesse and Van Tilburg, Ken",
      title          = "{Identifying Boosted Objects with N-subjettiness}",
      journal        = "JHEP",
      volume         = "1103",
      pages          = "015",
      doi            = "10.1007/JHEP03(2011)015",
      year           = "2011",
      eprint         = "1011.2268",
      archivePrefix  = "arXiv",
      primaryClass   = "hep-ph",
      reportNumber   = "MIT-CTP-4191",
      SLACcitation   = "%%CITATION = ARXIV:1011.2268;%%",
}

@article{Butterworth:2002tt,
      author         = "Butterworth, J.M. and Cox, B.E. and Forshaw, Jeffrey R.",
      title          = "{$W W$ scattering at the CERN LHC}",
      journal        = "Phys. Rev. D",
      volume         = "65",
      pages          = "096014",
      doi            = "10.1103/PhysRevD.65.096014",
      year           = "2002",
      eprint         = "hep-ph/0201098",
      archivePrefix  = "arXiv",
      primaryClass   = "hep-ph",
      reportNumber   = "MC-TH-01-13, MAN-HEP-01-05, UCL-HEP-2001-06",
      SLACcitation   = "%%CITATION = HEP-PH/0201098;%%",
}


@article{Aad:2012meb,
      author         = "Aad, Georges and others (ATLAS Collaboration)",
      title          = "{ATLAS measurements of the properties of jets for boosted
                        particle searches}",
      collaboration  = "ATLAS",
      journal        = "Phys. Rev. D",
      volume         = "86",
      pages          = "072006",
      doi            = "10.1103/PhysRevD.86.072006",
      year           = "2012",
      eprint         = "1206.5369",
      archivePrefix  = "arXiv",
      primaryClass   = "hep-ex",
      reportNumber   = "CERN-PH-EP-2012-149, SLAC-PUB-16020",
      SLACcitation   = "%%CITATION = ARXIV:1206.5369;%%",
}


@article{Almeida:2008yp,
      author         = "Almeida, Leandro G. and Lee, Seung J. and Perez, Gilad
                        and Sterman, George F. and Sung, Ilmo and others",
      title          = "{Substructure of high-pT Jets at the LHC}",
      journal        = "Phys. Rev. D",
      volume         = "79",
      pages          = "074017",
      doi            = "10.1103/PhysRevD.79.074017",
      year           = "2009",
      eprint         = "0807.0234",
      archivePrefix  = "arXiv",
      primaryClass   = "hep-ph",
      reportNumber   = "YITP-SB-08-31",
      SLACcitation   = "%%CITATION = ARXIV:0807.0234;%%",
}

@article{Ellis:2012sn,
      author         = "Ellis, Stephen D. and Hornig, Andrew and Roy, Tuhin S.
                        and Krohn, David and Schwartz, Matthew D.",
      title          = "{Qjets: A Non-Deterministic Approach to Tree-Based Jet
                        Substructure}",
      journal        = "Phys. Rev. Lett.",
      volume         = "108",
      pages          = "182003",
      doi            = "10.1103/PhysRevLett.108.182003",
      year           = "2012",
      eprint         = "1201.1914",
      archivePrefix  = "arXiv",
      primaryClass   = "hep-ph",
      SLACcitation   = "%%CITATION = ARXIV:1201.1914;%%",
}

@article{Larkoski:2013eya,
      author         = "Larkoski, Andrew J. and Salam, Gavin P. and Thaler,
                        Jesse",
      title          = "{Energy Correlation Functions for Jet Substructure}",
      journal        = "JHEP",
      volume         = "1306",
      pages          = "108",
      doi            = "10.1007/JHEP06(2013)108",
      year           = "2013",
      eprint         = "1305.0007",
      archivePrefix  = "arXiv",
      primaryClass   = "hep-ph",
      reportNumber   = "MIT-CTP-4446, CERN-PH-TH-2013-066, LPN13-026",
      SLACcitation   = "%%CITATION = ARXIV:1305.0007;%%",
}

@article{Krohn:2012fg,
      author         = "Krohn, David and Schwartz, Matthew D. and Lin, Tongyan
                        and Waalewijn, Wouter J.",
      title          = "{Jet Charge at the LHC}",
      journal        = "Phys. Rev. Lett.",
      number         = "21",
      volume         = "110",
      pages          = "212001",
      doi            = "10.1103/PhysRevLett.110.212001",
      year           = "2013",
      eprint         = "1209.2421",
      archivePrefix  = "arXiv",
      primaryClass   = "hep-ph",
      SLACcitation   = "%%CITATION = ARXIV:1209.2421;%%",
}








@article{Chatrchyan:2012xdj,
      author         = "Chatrchyan, Serguei and others",
      title          = "{Observation of a new boson at a mass of 125 GeV with the
                        CMS experiment at the LHC}",
      collaboration  = "CMS",
      journal        = "Phys. Lett.",
      volume         = "B716",
      year           = "2012",
      pages          = "30-61",
      doi            = "10.1016/j.physletb.2012.08.021",
      eprint         = "1207.7235",
      archivePrefix  = "arXiv",
      primaryClass   = "hep-ex",
      reportNumber   = "CMS-HIG-12-028, CERN-PH-EP-2012-220",
      SLACcitation   = "%%CITATION = ARXIV:1207.7235;%%"
}



@article{Higgs:1966ev,
      author         = "Higgs, Peter W.",
      title          = "{Spontaneous Symmetry Breakdown without Massless Bosons}",
      journal        = "Phys. Rev.",
      volume         = "145",
      year           = "1966",
      pages          = "1156-1163",
      doi            = "10.1103/PhysRev.145.1156",
      SLACcitation   = "%%CITATION = PHRVA,145,1156;%%"
}

@article{PhysRev.127.965,
  title = {Broken Symmetries},
  author = {Goldstone, Jeffrey and Salam, Abdus and Weinberg, Steven},
  journal = {Phys. Rev.},
  volume = {127},
  issue = {3},
  pages = {965--970},
  numpages = {0},
  year = {1962},
  month = {Aug},
  publisher = {American Physical Society},
  doi = {10.1103/PhysRev.127.965},
  url = {http://link.aps.org/doi/10.1103/PhysRev.127.965}
}

@article{PhysRevLett.4.380,
  title = {Axial Vector Current Conservation in Weak Interactions},
  author = {Nambu, Yoichiro},
  journal = {Phys. Rev. Lett.},
  volume = {4},
  issue = {7},
  pages = {380--382},
  numpages = {0},
  year = {1960},
  month = {Apr},
  publisher = {American Physical Society},
  doi = {10.1103/PhysRevLett.4.380},
  url = {http://link.aps.org/doi/10.1103/PhysRevLett.4.380}
}

@article{Goldstone:1961eq,
      author         = "Goldstone, J.",
      title          = "{Field Theories with Superconductor Solutions}",
      journal        = "Nuovo Cim.",
      volume         = "19",
      year           = "1961",
      pages          = "154-164",
      doi            = "10.1007/BF02812722",
      SLACcitation   = "%%CITATION = NUCIA,19,154;%%"
}


@article{PhysRev.155.1554,
  title = {Symmetry Breaking in Non-Abelian Gauge Theories},
  author = {Kibble, T. W. B.},
  journal = {Phys. Rev.},
  volume = {155},
  issue = {5},
  pages = {1554--1561},
  numpages = {0},
  year = {1967},
  month = {Mar},
  publisher = {American Physical Society},
  doi = {10.1103/PhysRev.155.1554},
  url = {http://link.aps.org/doi/10.1103/PhysRev.155.1554}
}

@inproceedings{Csaki:2004ay,
      author         = "Csaki, Csaba",
      title          = "{TASI lectures on extra dimensions and branes}",
      booktitle      = "{From fields to strings: Circumnavigating theoretical
                        physics. Ian Kogan memorial collection (3 volume set)}",
      year           = "2004",
      pages          = "605-698",
      note           = "[,967(2004)]",
      eprint         = "hep-ph/0404096",
      archivePrefix  = "arXiv",
      primaryClass   = "hep-ph",
      SLACcitation   = "%%CITATION = HEP-PH/0404096;%%"
}


@article{ArkaniHamed:1998rs,
      author         = "Arkani-Hamed, Nima and Dimopoulos, Savas and Dvali, G.
                        R.",
      title          = "{The Hierarchy problem and new dimensions at a
                        millimeter}",
      journal        = "Phys. Lett.",
      volume         = "B429",
      year           = "1998",
      pages          = "263-272",
      doi            = "10.1016/S0370-2693(98)00466-3",
      eprint         = "hep-ph/9803315",
      archivePrefix  = "arXiv",
      primaryClass   = "hep-ph",
      reportNumber   = "SLAC-PUB-7769, SU-ITP-98-13",
      SLACcitation   = "%%CITATION = HEP-PH/9803315;%%"
}

@article{PhysRevD.64.035002,
  title = {Bounds on universal extra dimensions},
  author = {Appelquist, Thomas and Cheng, Hsin-Chia and Dobrescu, Bogdan A.},
  journal = {Phys. Rev. D},
  volume = {64},
  issue = {3},
  pages = {035002},
  numpages = {10},
  year = {2001},
  month = {Jun},
  publisher = {American Physical Society},
  doi = {10.1103/PhysRevD.64.035002},
  url = {http://link.aps.org/doi/10.1103/PhysRevD.64.035002}
}

@article{Goldberger:1999un,
      author         = "Goldberger, Walter D. and Wise, Mark B.",
      title          = "{Phenomenology of a stabilized modulus}",
      journal        = "Phys. Lett.",
      volume         = "B475",
      year           = "2000",
      pages          = "275-279",
      doi            = "10.1016/S0370-2693(00)00099-X",
      eprint         = "hep-ph/9911457",
      archivePrefix  = "arXiv",
      primaryClass   = "hep-ph",
      reportNumber   = "CALT-68-2250",
      SLACcitation   = "%%CITATION = HEP-PH/9911457;%%"
}

%------------- CHAPTER 2----------------------

@article{Bruning:2004ej,
      author         = "Bruning, Oliver S. and Collier, P. and Lebrun, P. and
                        Myers, S. and Ostojic, R. and Poole, J. and Proudlock, P.",
      title          = "{LHC Design Report Vol.1: The LHC Main Ring}",
      year           = "2004",
      reportNumber   = "CERN-2004-003-V1, CERN-2004-003, CERN-2004-003-V-1",
      SLACcitation   = "%%CITATION = CERN-2004-003-V1;%%"
}

@article{Haffner:1621894,
      author        = "Haffner, Julie",
      title         = "{The CERN accelerator complex. Complexe des
                       accélérateurs du CERN}",
      month         = "Oct",
      year          = "2013",
      reportNumber  = "OPEN-PHO-ACCEL-2013-056",
      url           = "https://cds.cern.ch/record/1621894",
      note          = "General Photo",
}


@article{Sakuma:2013jqa,
      author         = "Sakuma, Tai and McCauley, Thomas",
      title          = "{Detector and Event Visualization with SketchUp at the
                        CMS Experiment}",
      booktitle      = "{Proceedings, 20th International Conference on Computing
                        in High Energy and Nuclear Physics (CHEP 2013): Amsterdam,
                        The Netherlands, October 14-18, 2013}",
      journal        = "J. Phys. Conf. Ser.",
      volume         = "513",
      year           = "2014",
      pages          = "022032",
      doi            = "10.1088/1742-6596/513/2/022032",
      eprint         = "1311.4942",
      archivePrefix  = "arXiv",
      primaryClass   = "physics.ins-det",
      reportNumber   = "CMS-CR-2013-379, FERMILAB-CONF-13-592-CMS-WDRS,
                        CMS-CR-2013-379-",
      SLACcitation   = "%%CITATION = ARXIV:1311.4942;%%"
}

@article{1748-0221-3-08-S08004,
  author={{The CMS Collaboration}} ,
  title={The CMS experiment at the CERN LHC},
  journal={Journal of Instrumentation},
  volume={3},
  number={08},
  pages={S08004},
  url={http://stacks.iop.org/1748-0221/3/i=08/a=S08004},
  year={2008},
  }

%-------------- CHAPTER 3  ------------------------


@article{1742-6596-404-1-012045,
  author={A Perloff and on behalf of the CMS collaboration},
  title={Pileup measurement and mitigation techniques in CMS},
  journal={Journal of Physics: Conference Series},
  volume={404},
  number={1},
  pages={012045},
  url={http://stacks.iop.org/1742-6596/404/i=1/a=012045},
  year={2012},
}


@misc{Bortolleto,
  title="Hadron Collider Physics summer school 2014: Tracking",
  author="{Andreas Salzburger}",
  url= {http://hcpss.fnal.gov/hcpss14/index.html}",
  year="2014"
}

@article{Billoir:1989mh,
      author         = "Billoir, Pierre",
      title          = "{Progressive track recognition with a Kalman like fitting
                        procedure}",
      booktitle      = "{Comput. Phys. Commun. 57 (1989) 390-394.}",
      journal        = "Comput. Phys. Commun.",
      volume         = "57",
      year           = "1989",
      pages          = "390-394",
      doi            = "10.1016/0010-4655(89)90249-X",
      SLACcitation   = "%%CITATION = CPHCB,57,390;%%"
}

@article{Billoir:1990we,
      author         = "Billoir, Pierre and Qian, S.",
      title          = "{Simultaneous pattern recognition and track fitting by
                        the Kalman filtering method}",
      journal        = "Nucl. Instrum. Meth.",
      volume         = "A294",
      year           = "1990",
      pages          = "219-228",
      doi            = "10.1016/0168-9002(90)91835-Y",
      SLACcitation   = "%%CITATION = NUIMA,A294,219;%%"
}

@article{Mankel:1997dy,
      author         = "Mankel, R.",
      title          = "{A Concurrent track evolution algorithm for pattern
                        recognition in the HERA-B main tracking system}",
      journal        = "Nucl. Instrum. Meth.",
      volume         = "A395",
      year           = "1997",
      pages          = "169-184",
      doi            = "10.1016/S0168-9002(97)00705-5",
      reportNumber   = "DESY-97-054",
      SLACcitation   = "%%CITATION = NUIMA,A395,169;%%"
}

@article{Fruhwirth:1987fm,
      author         = "Fruhwirth, R.",
      title          = "{Application of Kalman filtering to track and vertex
                        fitting}",
      journal        = "Nucl. Instrum. Meth.",
      volume         = "A262",
      year           = "1987",
      pages          = "444-450",
      doi            = "10.1016/0168-9002(87)90887-4",
      reportNumber   = "HEPHY-PUB-87-503",
      SLACcitation   = "%%CITATION = NUIMA,A262,444;%%"
}


@article{Chatrchyan:2014fea,
      author         = "Chatrchyan, Serguei and others",
      title          = "{Description and performance of track and primary-vertex
                        reconstruction with the CMS tracker}",
      collaboration  = "CMS",
      journal        = "JINST",
      volume         = "9",
      year           = "2014",
      number         = "10",
      pages          = "P10009",
      doi            = "10.1088/1748-0221/9/10/P10009",
      eprint         = "1405.6569",
      archivePrefix  = "arXiv",
      primaryClass   = "physics.ins-det",
      reportNumber   = "CMS-TRK-11-001, CERN-PH-EP-2014-070",
      url            =  {http://iopscience.iop.org/1748-0221/9/10/P10009},
      SLACcitation   = "%%CITATION = ARXIV:1405.6569;%%"
}

@article{Rose,
      author         = "K. Rose",
      title          = "{Deterministic Annealing for Clustering, Compression, Classification, Regression and
related Optimisation Problems}",
      journal        = "Proceedings of the IEEE",
      volume         = "86",
      year           = "1998",
      pages          = "2210 - 2239",
      doi            = "10.1109/5.726788",
      url            = {http://ieeexplore.ieee.org/document/726788/}
      eprint         = "1207.7235"
}


@techreport{Fruhwirth:1027031,
      author        = "Frühwirth, R and Waltenberger, Wolfgang and Vanlaer,
                       Pascal",
      title         = "{Adaptive Vertex Fitting}",
      institution   = "CERN",
      address       = "Geneva",
      number        = "CMS-NOTE-2007-008",
      month         = "Mar",
      year          = "2007",
      reportNumber  = "CMS-NOTE-2007-008",
      url           = "https://cds.cern.ch/record/1027031",
}

@article{CMS:2010wta,
      title          = "{Tracking and Primary Vertex Results in First 7 TeV
                        Collisions}",
      author         = {{CMS Collaboration}},                   
      collaboration  = "CMS",
      year           = "2010",
      journal        = "CMS-PAS-TRK-10-005",
      url={https://cds.cern.ch/record/1279383/files/TRK-10-005-pas.pdf},
      SLACcitation   = "%%CITATION = CMS-PAS-TRK-10-005;%%"
}


@unpublished{Barney:2120661,
      author        = "Barney, David",
      title         = "{CMS Detector Slice}",
      month         = "Jan",
      year          = "2016",
      reportNumber  = "CMS-PHO-GEN-2016-001",
      url           = "https://cds.cern.ch/record/2120661",
      note          = {{CMS Collection.}},
}

@article{Acquistapace:1997fm,
      author         = "Acquistapace, G. and others",
      title          = "{CMS, the magnet project: Technical design report}",
      collaboration  = "CMS",
      year           = "1997",
      reportNumber   = "CERN-LHCC-97-10",
      SLACcitation   = "%%CITATION = CERN-LHCC-97-10;%%"
}

@article{1748-0221-5-03-T03021,
  author={{CMS Collaboration}},
  title={Precise mapping of the magnetic field in the CMS barrel yoke using cosmic rays},
  journal={Journal of Instrumentation},
  volume={5},
  number={03},
  pages={T03021},
  url={http://stacks.iop.org/1748-0221/5/i=03/a=T03021},
  year={2010},
  }

@article{Chatrchyan:2009aa,
      author         = "Chatrchyan, S and others",
      title          = "{Commissioning and Performance of the CMS Pixel Tracker
                        with Cosmic Ray Muons}",
      collaboration  = "CMS",
      journal        = "JINST",
      volume         = "5",
      year           = "2010",
      pages          = "T03007",
      doi            = "10.1088/1748-0221/5/03/T03007",
      eprint         = "0911.5434",
      archivePrefix  = "arXiv",
      primaryClass   = "physics.ins-det",
      reportNumber   = "CMS-CFT-09-001",
      SLACcitation   = "%%CITATION = ARXIV:0911.5434;%%"
}

@article{Veszpremi:2014exa,
      author         = "Veszpremi, Viktor",
      title          = "{Radiation experience with the CMS pixel detector}",
      booktitle      = "{Proceedings, 7th International Workshop on Semiconductor
                        Pixel Detectors for Particles and Imaging (PIXEL 2014):
                        Niagara Falls, Ontario, Canada, September 1-5, 2014}",
      collaboration  = "CMS",
      journal        = "JINST",
      volume         = "10",
      year           = "2015",
      number         = "04",
      pages          = "C04039",
      doi            = "10.1088/1748-0221/10/04/C04039",
      eprint         = "1411.5990",
      archivePrefix  = "arXiv",
      primaryClass   = "physics.ins-det",
      reportNumber   = "CMS-CR-2014-394",
      SLACcitation   = "%%CITATION = ARXIV:1411.5990;%%"
}




%%----------  CHAPTER 5-----------------

@article{Alwall:2014hca,
      author         = "Alwall, J. and Frederix, R. and Frixione, S. and Hirschi,
                        V. and Maltoni, F. and Mattelaer, O. and Shao, H. -S. and
                        Stelzer, T. and Torrielli, P. and Zaro, M.",
      title          = "{The automated computation of tree-level and
                        next-to-leading order differential cross sections, and
                        their matching to parton shower simulations}",
      journal        = "JHEP",
      volume         = "07",
      year           = "2014",
      pages          = "079",
      doi            = "10.1007/JHEP07(2014)079",
      eprint         = "1405.0301",
      archivePrefix  = "arXiv",
      primaryClass   = "hep-ph",
      reportNumber   = "CERN-PH-TH-2014-064, CP3-14-18, LPN14-066, MCNET-14-09,
                        ZU-TH-14-14",
      SLACcitation   = "%%CITATION = ARXIV:1405.0301;%%"
}

@article{Sjostrand:2006za,
      author         = "Sjostrand, Torbjorn and Mrenna, Stephen and Skands, Peter
                        Z.",
      title          = "{PYTHIA 6.4 Physics and Manual}",
      journal        = "JHEP",
      volume         = "05",
      year           = "2006",
      pages          = "026",
      doi            = "10.1088/1126-6708/2006/05/026",
      eprint         = "hep-ph/0603175",
      archivePrefix  = "arXiv",
      primaryClass   = "hep-ph",
      reportNumber   = "FERMILAB-PUB-06-052-CD-T, LU-TP-06-13",
      SLACcitation   = "%%CITATION = HEP-PH/0603175;%%"
}

@article{Sjostrand:2007gs,
      author         = "Sjostrand, Torbjorn and Mrenna, Stephen and Skands, Peter
                        Z.",
      title          = "{A Brief Introduction to PYTHIA 8.1}",
      journal        = "Comput. Phys. Commun.",
      volume         = "178",
      year           = "2008",
      pages          = "852-867",
      doi            = "10.1016/j.cpc.2008.01.036",
      eprint         = "0710.3820",
      archivePrefix  = "arXiv",
      primaryClass   = "hep-ph",
      reportNumber   = "CERN-LCGAPP-2007-04, LU-TP-07-28,
                        FERMILAB-PUB-07-512-CD-T",
      SLACcitation   = "%%CITATION = ARXIV:0710.3820;%%"
}


@article{Mangano:2002ea,
      author         = "Mangano, Michelangelo L. and Moretti, Mauro and
                        Piccinini, Fulvio and Pittau, Roberto and Polosa, Antonio
                        D.",
      title          = "{ALPGEN, a generator for hard multiparton processes in
                        hadronic collisions}",
      journal        = "JHEP",
      volume         = "07",
      year           = "2003",
      pages          = "001",
      doi            = "10.1088/1126-6708/2003/07/001",
      eprint         = "hep-ph/0206293",
      archivePrefix  = "arXiv",
      primaryClass   = "hep-ph",
      reportNumber   = "CERN-TH-2002-129, FTN-T-2002-06",
      SLACcitation   = "%%CITATION = HEP-PH/0206293;%%"
}


@article{Frixione:2002ik,
      author         = "Frixione, Stefano and Webber, Bryan R.",
      title          = "{Matching NLO QCD computations and parton shower
                        simulations}",
      journal        = "JHEP",
      volume         = "06",
      year           = "2002",
      pages          = "029",
      doi            = "10.1088/1126-6708/2002/06/029",
      eprint         = "hep-ph/0204244",
      archivePrefix  = "arXiv",
      primaryClass   = "hep-ph",
      reportNumber   = "CAVENDISH-HEP-02-01, LAPTH-905-02, GEF-TH-2-2002",
      SLACcitation   = "%%CITATION = HEP-PH/0204244;%%"
}

@article{Kallweit:2015dum,
      author         = "Kallweit, Stefan and Lindert, Jonas M. and Maierhofer,
                        Philipp and Pozzorini, Stefano and Schönherr, Marek",
      title          = "{NLO QCD+EW predictions for V + jets including off-shell
                        vector-boson decays and multijet merging}",
      journal        = "JHEP",
      volume         = "04",
      year           = "2016",
      pages          = "021",
      doi            = "10.1007/JHEP04(2016)021",
      eprint         = "1511.08692",
      archivePrefix  = "arXiv",
      primaryClass   = "hep-ph",
      reportNumber   = "DCPT-15-140, FR-PHENO-2015-014, IPPP-15-70, MCNET-15-23,
                        MITP-15-108, ZU-TH-41-15, --MITP-15-108",
      SLACcitation   = "%%CITATION = ARXIV:1511.08692;%%"
}

@article{Ball:2011mu,
      author         = "Ball, Richard D. and Bertone, Valerio and Cerutti,
                        Francesco and Del Debbio, Luigi and Forte, Stefano and
                        Guffanti, Alberto and Latorre, Jose I. and Rojo, Juan and
                        Ubiali, Maria",
      title          = "{Impact of Heavy Quark Masses on Parton Distributions and
                        LHC Phenomenology}",
      journal        = "Nucl. Phys.",
      volume         = "B849",
      year           = "2011",
      pages          = "296-363",
      doi            = "10.1016/j.nuclphysb.2011.03.021",
      eprint         = "1101.1300",
      archivePrefix  = "arXiv",
      primaryClass   = "hep-ph",
      reportNumber   = "EDINBURGH-2011-01, IFUM-969-FT, FR-PHENO-2010-043,
                        RWTH-TTK-11-02",
      SLACcitation   = "%%CITATION = ARXIV:1101.1300;%%"
}

@article{Agostinelli:2002hh,
      author         = "Agostinelli, S. and others",
      title          = "{GEANT4: A Simulation toolkit}",
      collaboration  = "GEANT4",
      journal        = "Nucl. Instrum. Meth.",
      volume         = "A506",
      year           = "2003",
      pages          = "250-303",
      doi            = "10.1016/S0168-9002(03)01368-8",
      reportNumber   = "SLAC-PUB-9350, FERMILAB-PUB-03-339",
}



@article{CMS:2016ljj,
      author         = {{CMS Collaboration}},
      title          = "{Performance of missing energy reconstruction in 13 TeV
                        pp collision data using the CMS detector}",
      collaboration  = "CMS",
      year           = "2016",
      reportNumber   = "CMS-PAS-JME-16-004",
      url            =  {http://cds.cern.ch/record/2205284}
} 

@article{CMS-PAS-EXO-12-021,
  author      = {{CMS Collaboration}},
  collaboration = {CMS},
  type        = "CMS Physics Analysis Summary",
  number =        {CMS-PAS-EXO-12-021},
  title =         {{Search for new resonances decaying to $WW \rightarrow \ell \nu q \bar{q}'$ in the
final state with a lepton, missing transverse energy, and
single reconstructed jet}},
  year =          {2013},
  institution = "CMS",
  url =           {http://cds.cern.ch/record/1590301}
} 


@article{Khachatryan2014aa,
      author         = "Khachatryan, Vardan and others",
      title={{Identification techniques for highly boosted $W$ bosons that decay into hadrons}},
      collaboration  = "CMS",
      journal="Journal of High Energy Physics",
      year="2014",
      volume="2014",
      number="12",
      pages="17",
      issn="1029-8479",
      doi="10.1007/JHEP12(2014)017",
      url={http://dx.doi.org/10.1007/JHEP12(2014)017}
}

%%------------------- Chapter 8 --------------

@article{Verkerke:2003ir,
      author         = "Verkerke, Wouter and Kirkby, David P.",
      title          = "{The RooFit toolkit for data modeling}",
      booktitle      = "{Statistical Problems in Particle Physics, Astrophysics
                        and Cosmology (PHYSTAT 05): Proceedings, Oxford, UK,
                        September 12-15, 2005}",
      journal        = "eConf",
      volume         = "C0303241",
      year           = "2003",
      pages          = "MOLT007",
      note           = "[,186(2003)]",
      eprint         = "physics/0306116",
      archivePrefix  = "arXiv",
      primaryClass   = "physics",
      reportNumber   = "CHEP-2003-MOLT007",
      SLACcitation   = "%%CITATION = PHYSICS/0306116;%%"
}

@article{CMS:2013xea,
      author         = {{CMS Collaboration}},
      title          = "{Search for new resonances decaying to WW to l nu q qbar'
                        in the final state with a lepton, missing transverse
                        energy, and single reconstructed jet}",
      collaboration  = "CMS",
      year           = "2013",
      reportNumber   = "CMS-PAS-EXO-12-021",
      SLACcitation   = "%%CITATION = CMS-PAS-EXO-12-021;%%"
}

@techreport{CMS-PAS-EXO-12-022,
      title         = "{Search for a narrow spin-2 resonance decaying to Z bosons
                       in the semileptonic final state}",
      institution   = "CERN",
      collaboration = "CMS Collaboration",
      address       = "Geneva",
      number        = "CMS-PAS-EXO-12-022",
      year          = "2013",
      reportNumber  = "CMS-PAS-EXO-12-022",
      url           = "https://cds.cern.ch/record/1596494",
}

@techreport{CMS-PAS-EXO-15-002,
      title         = "{Search for massive resonances decaying into pairs of
                       boosted W and Z bosons at $\sqrt{s}$ = 13 TeV}",
      institution   = "CERN",
      collaboration = "CMS Collaboration",
      address       = "Geneva",
      number        = "CMS-PAS-EXO-15-002",
      year          = "2015",
      reportNumber  = "CMS-PAS-EXO-15-002",
      url           = "https://cds.cern.ch/record/2117062",
}

%%-------- CHAPTER 10 -------------

@techreport{CMS-AN-16-215,
      title         = {{Identification and calibration of boosted hadronic W/Z
      bosons at 13 TeV (UNPUBLISED)}},
      institution   = "CERN",
      collaboration = "CMS Collaboration",
      address       = "Geneva",
      number        = "CMS AN-16-215",
      year          = "2016",
      reportNumber  = "CMS AN-16-215",
}

@article{Butterworth:2015oua,
      author         = "Butterworth, Jon and others",
      title          = "{PDF4LHC recommendations for LHC Run II}",
      journal        = "J. Phys.",
      volume         = "G43",
      year           = "2016",
      pages          = "023001",
      doi            = "10.1088/0954-3899/43/2/023001",
      eprint         = "1510.03865",
      archivePrefix  = "arXiv",
      primaryClass   = "hep-ph",
      reportNumber   = "OUTP-15-17P, SMU-HEP-15-12, TIF-UNIMI-2015-14,
                        LCTS-2015-27, CERN-PH-TH-2015-249",
      SLACcitation   = "%%CITATION = ARXIV:1510.03865;%%"
}

%%-------------Chapter 11

@article{CLs1,
      author         = "Read, Alexander L.",
      title          = "{Presentation of search results: The CL(s) technique}",
      booktitle      = "{Advanced statistical techniques in particle physics.
                        Proceedings, Conference, Durham, UK, March 18-22, 2002}",
      journal        = "J. Phys.",
      volume         = "G28",
      year           = "2002",
      pages          = "2693-2704",
      doi            = "10.1088/0954-3899/28/10/313",
      SLACcitation   = "%%CITATION = JPAGA,G28,2693;%%"
}

@article{Junk:1999kv,
      author         = "Junk, Thomas",
      title          = "{Confidence level computation for combining searches with
                        small statistics}",
      journal        = "Nucl. Instrum. Meth.",
      volume         = "A434",
      year           = "1999",
      pages          = "435-443",
      doi            = "10.1016/S0168-9002(99)00498-2",
      eprint         = "hep-ex/9902006",
      archivePrefix  = "arXiv",
      primaryClass   = "hep-ex",
      reportNumber   = "CARLETON-OPAL-PHYS-99-01, CERN-EP-99-041",
      SLACcitation   = "%%CITATION = HEP-EX/9902006;%%"
}